@book{formelsammlung,
title = "Formeln und Daten zur Physik",
author = "Dorn, Hans-Jerg and Fischer, Tilo",
edition = "1",
year = "2009", 
publisher = "Klett",
}

@book{taschenbuch,
title = "Taschenbuch der Mathematik und Physik",
author = "Hering, Ekbert and Martin, Rolf and Stohrer, Martin", 
edition = "6", 
year = "2017", 
publisher = "Springer Vieweg",
}

@manual{anleitung204,
author = "TU Dortmund",
title = "V204: Wärmeleitung von Metallen",
}

@book{demtroeder,
title = "Experimentalphysik 1",
subtitle = "Mechanik und Wärme",
author = "Demtröder, Wolfgang",
edition = "4",
year = "2006",
publisher = "Springer",
}

@book{gerthsen, 
title = "Gerthsen Physik",
author = "Meschede, Dieter",
edition = "23", 
year = "2006", 
publisher = "Springer",
}