@manual{sample,
  author = {TU Dortmund},
  title = {Versuch zum Literaturverzeichnis},
  year = 2014
}

@book{handbook_chem_phy,
title = "Handbuch der Chemie und Physik",
author = "Weast, Robert C.",
edition = "1st Student Edition",
year = "1988",
publisher = "CRC Press, Inc."
}