@manual{Versuchsanleitung,
  author = "TU Dortmund",
  title = "Versuchsanleitung V353: RC-Kreise",
  year = 2019
}

@book{demtroeder,
title = "Experimentalphysik 1",
subtitle = "Mechanik und Wärme",
author = "Demtröder, Wolfgang",
edition = "4",
year = "2006",
publisher = "Springer",
}

@book{griffiths,
title = "Elektrodynamik",
subtitle = "Eine Einführung",
author = "Griffiths, David J.",
edition = "3",
year = "2011",
publisher = "Pearson Studium",
}

@book{taschenbuch,
title = "Taschenbuch der Mathematik und Physik",
author = "Hering, Ekbert and Martin, Rolf and Stohrer, Martin", 
edition = "6", 
year = "2017", 
publisher = "Springer Vieweg",
}

@book{kohlrausch,
title = "Praktische Physik 3",
author = "Kohlrausch, Friedrich",
edition = "24",
year = "1996",
publisher = "B. G. Teubner Stuttgart 1996",
}

@book{gerthsen, 
title = "Gerthsen Physik",
author = "Meschede, Dieter",
edition = "23", 
year = "2006", 
publisher = "Springer",
}

@book{handbook_chem_phy,
title = "Handbuch der Chemie und Physik",
author = "Weast, Robert C.",
edition = "1st Student Edition",
year = "1988",
publisher = "CRC Press, Inc."
}

@book{demtröder2,
title = "Experimentalphysik 2",
subtitle = "Elektrizität und Optik",
author = "Demtröder, Wolfgang",
edition = "4",
year = "2006",
publisher = "Springer-Verlag Berlin Heidelberg New York",
}