@manual{Versuchsanleitung,
  author = "TU Dortmund",
  title = "Versuch Nr. 355: Gekoppelte Schwingkreise",
  year = 2019
}

@book{gerthsen,
title = "Gerthsen Physik",
author = "Meschede, Dieter",
edition = "23",
year = "2006",
publisher = "Springer-Verlag Berlin Heidelberg",
}