@manual{Versuchsanleitung,  
author = "TU Dortmund",  
title = "Versuch Nr. 353 - Das Relaxationsverhalten eines RC-Kreises",  
year = "2019",
}