@manual{sample,
  author = {TU Dortmund},
  title = {Versuch zum Literaturverzeichnis},
  year = 2014
}

@manual{Versuchsanleitung,
  author = "TU Dortmund",
  title = "Versuchsanleitung Nr. 302: Elektrische Br√ºckenschaltungen",
  year = 2019
}