@manual{Versuchsanleitung,
  author = "TU Dortmund",
  title = "Versuchsanleitung V308: Spulen und Magnetfelder",
  year = 2019
}

@book{demtroeder,
title = "Experimentalphysik 1",
subtitle = "Mechanik und Wärme",
author = "Demtröder, Wolfgang",
edition = "4",
year = "2006",
publisher = "Springer",
}

@book{griffiths,
title = "Elektrodynamik",
subtitle = "Eine Einführung",
author = "Griffiths, David J.",
edition = "3",
year = "2011",
publisher = "Pearson Studium",
}

@book{taschenbuch,
title = "Taschenbuch der Mathematik und Physik",
author = "Hering, Ekbert and Martin, Rolf and Stohrer, Martin", 
edition = "6", 
year = "2017", 
publisher = "Springer Vieweg",
}
