@manual{Versuchsanleitung,
  author = {TU Dortmund},
  title = {Versuchsanleitung V201 - Das Dulong-Petitsche Gesetz},
  year = 2019
}

@book{taschenbuch,
title = "Taschenbuch der Mathematik und Physik",
author = "Hering, Ekbert and Martin, Rolf and Stohrer, Martin", 
edition = "6", 
year = "2017", 
publisher = "Springer Vieweg",
}
